@online{gableWebsite,
    title        = {About G-Able},
    organization = {G-Able Public Company Limited},
    url          = {https://www.g-able.com/th/about/g-able/},
}
@online{solution,
    title        = {G-Ableâ€™s solutions},
    organization = {G-Able Public Company Limited},
    url          = {https://www.g-able.com/th/solution/cybersecurity},
}