@book{aiw,
    title = "Alice's Adventures in Wonderland",
    author = "Lewis Carroll",
    publisher = "George MacDonald",
    year = 1865
}
@online{gableWebsite,
    title        = {About G-Able},
    organization = {G-Able Public Company Limited},
    url          = {https://www.g-able.com/th/about/g-able/},
}
